@misc{openai2024chatgpt,
  author       = {OpenAI},
  title        = {ChatGPT language model},
  year         = {2024},
  note         = {Accessed: Nov. 26, 2024}
}

@article{mcafee2012bigdata,
  author = {McAfee, Andrew and Brynjolfsson, Erik},
  title = {Big Data: The Management Revolution},
  journal = {Harvard Business Review},
  volume = {90},
  number = {10},
  pages = {60--68},
  year = {2012}
}

@article{redman2013credibility,
  author = {Redman, Thomas C.},
  title = {Data's Credibility Problem},
  journal = {Harvard Business Review},
  volume = {91},
  number = {12},
  pages = {84--88},
  year = {2013}
}

@book{dama2017dmbook,
  author = {DAMA International},
  title = {DAMA-DMBOK: Data Management Body of Knowledge},
  edition = {2nd},
  year = {2017},
  publisher = {Technics Publications}
}

@book{davenport2014bigdata,
  author = {Davenport, Thomas H.},
  title = {Big Data at Work: Dispelling the Myths, Uncovering the Opportunities},
  year = {2014},
  publisher = {Harvard Business Review Press}
}

@book{ries2011leanstartup,
  author = {Ries, Eric},
  title = {The Lean Startup: How Today's Entrepreneurs Use Continuous Innovation to Create Radically Successful Businesses},
  year = {2011},
  publisher = {Crown Business}
}

@book{european2015smedef,
  author = {European Commission},
  title = {User Guide to the SME Definition},
  year = {2015},
  publisher = {Publications Office of the European Union}
}
